<?xml version="1.0" encoding="UTF-8" ?>
<xb:digital_entity_call xmlns:xb="http://com/exlibris/digitool/repository/api/xmlbeans">
  <xb:digital_entity>
    <pid>13288</pid>
    <control>
      <label>[Holy water vial].</label>
      <note xsi:nil="true" xmlns:xsi="http://www.w3.org/2001/XMLSchema-instance"/>
      <ingest_id>ing1008</ingest_id>
      <ingest_name xsi:nil="true" xmlns:xsi="http://www.w3.org/2001/XMLSchema-instance"/>
      <entity_type>IMAGE</entity_type>
      <entity_group xsi:nil="true" xmlns:xsi="http://www.w3.org/2001/XMLSchema-instance"/>
      <usage_type>VIEW_MAIN</usage_type>
      <preservation_level>any</preservation_level>
      <partition_a xsi:nil="true" xmlns:xsi="http://www.w3.org/2001/XMLSchema-instance"/>
      <partition_b xsi:nil="true" xmlns:xsi="http://www.w3.org/2001/XMLSchema-instance"/>
      <partition_c>includedpla</partition_c>
      <status xsi:nil="true" xmlns:xsi="http://www.w3.org/2001/XMLSchema-instance"/>
      <creation_date>2007-12-07 14:03:04</creation_date>
      <creator>creator:BCD01</creator>
      <modification_date>2016-03-08 10:01:24</modification_date>
      <modified_by>viewer:internal</modified_by>
      <admin_unit>BCD01</admin_unit>
    </control>
    <mds>
      <md shared="true">
        <mid>30698</mid>
        <description xsi:nil="true" xmlns:xsi="http://www.w3.org/2001/XMLSchema-instance"/>
        <name>descriptive</name>
        <type>marc</type>
        <value><![CDATA[<?xml version="1.0" encoding="UTF-8"?><record xmlns="http://www.loc.gov/MARC21/slim" xmlns:xsi="http://www.w3.org/2001/XMLSchema-instance" xsi:schemaLocation="http://www.loc.gov/MARC21/slim http://www.loc.gov/standards/marcxml/schema/MARC21slim.xsd"><leader>^^^^^nrm^^22002892a^4500</leader><controlfield tag="FMT">VM</controlfield><controlfield tag="001">000000122</controlfield><controlfield tag="003">BCD01</controlfield><controlfield tag="005">20050726115430.0</controlfield><controlfield tag="006">m c</controlfield><controlfield tag="007">cr un</controlfield><controlfield tag="008">000201s19uu^^^^xx^nnn^^^^^^^^s^^^rnN/A^^</controlfield><datafield tag="035" ind1="9" ind2=" "><subfield code="a">AAA1175</subfield></datafield><datafield tag="035" ind1="9" ind2=" "><subfield code="a">0000001</subfield></datafield><datafield tag="245" ind1="0" ind2="0"><subfield code="a">[Holy water vial].</subfield></datafield><datafield tag="260" ind1=" " ind2=" "><subfield code="c">[19--]</subfield></datafield><datafield tag="300" ind1=" " ind2=" "><subfield code="a">1 holy water vial ;</subfield><subfield code="b">metal, gold and black and plastic, black and clear ;</subfield><subfield code="c">6 cm. long.</subfield></datafield><datafield tag="500" ind1=" " ind2=" "><subfield code="a">Title supplied by cataloger.</subfield></datafield><datafield tag="520" ind1=" " ind2=" "><subfield code="a">The holy water vials an image of a cross and the words &amp;quot;HOLY WATER&amp;quot;. It also has a glass interior.</subfield></datafield><datafield tag="540" ind1=" " ind2=" "><subfield code="a">See Burns Library staff for terms governing use.</subfield></datafield><datafield tag="500" ind1=" " ind2=" "><subfield code="a">Forms part of the Liturgy and Life Artifacts Collection. Original artifact found in Box 120.</subfield></datafield><datafield tag="533" ind1=" " ind2=" "><subfield code="a">Electronic reproduction.</subfield><subfield code="b">Chestnut Hill, MA :</subfield><subfield code="c">Boston College, Burns Library</subfield><subfield code="d">2000.</subfield></datafield><datafield tag="650" ind1=" " ind2="0"><subfield code="a">Crosses.</subfield></datafield><datafield tag="655" ind1=" " ind2="7"><subfield code="a">Holy water vials.</subfield></datafield><datafield tag="940" ind1=" " ind2=" "><subfield code="a">LITURGY AND LIFE</subfield></datafield><datafield tag="940" ind1=" " ind2=" "><subfield code="a">MSS ARCHIVE</subfield></datafield><controlfield tag="LVL">30</controlfield><controlfield tag="LVL">30</controlfield>        </record>       					]]></value>
      </md>
      <md shared="false">
        <mid>812796</mid>
        <description xsi:nil="true" xmlns:xsi="http://www.w3.org/2001/XMLSchema-instance"/>
        <name>preservation</name>
        <type>preservation_md</type>
        <value><![CDATA[<object xmlns="http://www.loc.gov/standards/premis">
  <objectIdentifier>
    <objectIdentifierType>handle</objectIdentifierType>
    <objectIdentifierValue>2345/7770</objectIdentifierValue>
  </objectIdentifier>
</object>]]></value>
      </md>
      <md shared="false">
        <mid>812797</mid>
        <description xsi:nil="true" xmlns:xsi="http://www.w3.org/2001/XMLSchema-instance"/>
        <name>changehistory</name>
        <type>changehistory_md</type>
        <value><![CDATA[<xb:history xmlns:xb="http://com/exlibris/digitool/repository/api/xmlbeans"><events><event xmlID="1"><eventIdentifier><eventIdentifierType>Service</eventIdentifierType><eventIdentifierValue>Premis</eventIdentifierValue></eventIdentifier><eventType xsi:nil="true" xmlns:xsi="http://www.w3.org/2001/XMLSchema-instance"/><eventDateTime>2016-03-08T10:01:24.806-05:00</eventDateTime><eventDetail xsi:nil="true" xmlns:xsi="http://www.w3.org/2001/XMLSchema-instance"/><linkingAgentIdentifier><linkingAgentIdentifierType>software_used</linkingAgentIdentifierType><linkingAgentIdentifierValue xsi:nil="true" xmlns:xsi="http://www.w3.org/2001/XMLSchema-instance"/></linkingAgentIdentifier></event></events></xb:history>]]></value>
      </md>
    </mds>
    <relations>
      <relation>
        <type>manifestation</type>
        <pid>13287</pid>
      </relation>
      <relation>
        <type>manifestation</type>
        <pid>13289</pid>
      </relation>
    </relations>
    <stream_ref>
      <file_name>13288_13288_BCD01_000000122000003_V.jp2</file_name>
      <file_extension>jp2</file_extension>
      <mime_type>image/jp2</mime_type>
      <directory_path>/exlibris3/bcd01storage/2007/12/07/file_1/13288</directory_path>
      <file_id>000000122000003</file_id>
      <storage_id>1003</storage_id>
      <external_type>-1</external_type>
      <file_size_bytes>2549818</file_size_bytes>
    </stream_ref>
  </xb:digital_entity>
</xb:digital_entity_call>
